@MISC{mvc,
  author = {},
  title = {Rails Guides, The MVC architecture},
  month = jun,
  year = {2013},
  howpublished={\url{http://guides.rubyonrails.org/getting_started.html#the-mvc-architecture}}
}

@MISC{rails,
  author = {},
  title = {Ruby on Rails, Home Page},
  month = jun,
  year = {2013},
  howpublished={\url{http://rubyonrails.org/}}
}

@MISC{sinatra,
  author = {},
  title = {Sinatra Home Page},
  month = jun,
  year = {2013},
  howpublished={\url{http://www.sinatrarb.com/}}
}

@MISC{django,
  author = {},
  title = {Django Home Page},
  month = jun,
  year = {2013},
  howpublished={\url{https://www.djangoproject.com/}}
}

@MISC{pylons,
  author = {},
  title = {Pylons Home Page},
  month = jun,
  year = {2013},
  howpublished={\url{http://www.pylonsproject.org/}}
}

@MISC{spring,
  author = {},
  title = {Spring Home Page},
  month = jun,
  year = {2013},
  howpublished={\url{http://www.springsource.org/}}
}

@MISC{cake,
  author = {},
  title = {CakePHP Home Page},
  month = jun,
  year = {2013},
  howpublished={\url{http://cakephp.org/}}
}

@MISC{angular,
  author = {},
  title = {AngularJS Home Page},
  month = jun,
  year = {2013},
  howpublished={\url{http://angularjs.org/}}
}

@MISC{meteor,
  author = {},
  title = {MeteosJS Home Page},
  month = jun,
  year = {2013},
  howpublished={\url{http://meteor.com/}}
}

@MISC{backbone,
  author = {},
  title = {BackboneJS Home Page},
  month = jun,
  year = {2013},
  howpublished={\url{http://backbonejs.org/}}
}

@MISC{ember,
  author = {Katz, Yehuda},
  title = {EmberJS Home Page},
  month = jun,
  year = {2013},
  howpublished={\url{http://emberjs.com/}}
}