@BOOK{KAR00,
  title = {Brownian Motion and Stochastic Calculus},
  publisher = {Springer},
  year = {2000},
  author = {Ioannis Karatzas. and Steven E. Shreve},
  address = {Berlin},
  edition = {2nd},
  added-at = {2009-03-03T17:19:04.000+0100},
  biburl = {http://www.bibsonomy.org/bibtex/2efd586067c62cfd524368a2caa3ff70e/bronckobuster},
  interhash = {2d18584226b8fde7d4e5154309f4268c},
  intrahash = {efd586067c62cfd524368a2caa3ff70e},
  keywords = {imported},
  nota = {gst:},
  timestamp = {2009-03-03T17:19:04.000+0100}
}

@BOOK{Pro1990,
  title = {Stochastic Integration and Differential Equations},
  publisher = {Springer},
  year = {1990},
  author = {Protter, Philip},
  added-at = {2008-03-07T17:14:08.000+0100},
  biburl = {http://www.bibsonomy.org/bibtex/2d68435e7d88e42c06a1ee6143a2f0c25/alex},
  interhash = {770eb527cd5c3a7649b952496b8e3aa6},
  intrahash = {d68435e7d88e42c06a1ee6143a2f0c25},
  keywords = {integration stochastics stochastik},
  timestamp = {2008-03-07T17:14:08.000+0100}
}

@BOOK{GVK25295551X,
  title = {Continuous martingales and Brownian motion},
  publisher = {Springer},
  year = {1999},
  author = {Revuz, {Daniel} and Yor, {Marc}},
  number = {293},
  series = {Grundlehren der mathematischen Wissenschaften},
  address = {Berlin [u.a.]},
  edition = {3. ed},
  added-at = {2009-08-21T11:04:17.000+0200},
  biburl = {http://www.bibsonomy.org/bibtex/23311a243311e26aface17433292a5e30/fbw_hannover},
  interhash = {8bf02539150574460aa1e3b15ca0a9c4},
  intrahash = {3311a243311e26aface17433292a5e30},
  isbn = {3540643257},
  keywords = {Brownsche_Bewegung Martingal Mathematische_Methoden_der_Physik Stochastische_Analysis
	Thermodynamik Wahrscheinlichkeitsrechnung statistische_Physik},
  pagetotal = {XIII, 602},
  ppn_gvk = {25295551X},
  timestamp = {2009-08-21T11:04:17.000+0200},
  url = {http://gso.gbv.de/DB=2.1/CMD?ACT=SRCHA&SRT=YOP&IKT=1016&TRM=ppn+25295551X&sourceid=fbw_bibsonomy}
}